<?xml version="1.0"?>
<marc:records xmlns:marc="http://www.loc.gov/MARC21/slim" xmlns:xsi="http://www.w3.org/2001/XMLSchema-instance" xsi:schemaLocation="http://www.loc.gov/MARC21/slim http://www.loc.gov/standards/marcxml/schema/MARC21slim.xsd">
  <marc:record>
    <marc:leader>05176ntd a2200649Ia 4500</marc:leader>
    <marc:controlfield tag="001">9978127917203681</marc:controlfield>
    <marc:controlfield tag="005">20220624111800.0</marc:controlfield>
    <marc:controlfield tag="008">220406q10001199it            000 0 heb d</marc:controlfield>
    <marc:datafield ind1=" " ind2=" " tag="035">
  <marc:subfield code="a">(OCoLC)1309092788</marc:subfield>
</marc:datafield>
    <marc:datafield ind1=" " ind2=" " tag="035">
  <marc:subfield code="a">(OCoLC)on1309092788</marc:subfield>
</marc:datafield>
    <marc:datafield ind1=" " ind2=" " tag="040">
  <marc:subfield code="a">PAU</marc:subfield>
  <marc:subfield code="b">eng</marc:subfield>
  <marc:subfield code="e">dacs</marc:subfield>
  <marc:subfield code="c">PAU</marc:subfield>
</marc:datafield>
    <marc:datafield ind1=" " ind2="9" tag="099">
  <marc:subfield code="a">CAJS: RAR MS 82.313.42</marc:subfield>
</marc:datafield>
    <marc:datafield ind1="0" ind2=" " tag="130">
  <marc:subfield code="6">880-01</marc:subfield>
  <marc:subfield code="a">Kinot.</marc:subfield>
  <marc:subfield code="0">http://id.loc.gov/authorities/names/n79107990</marc:subfield>
</marc:datafield>
    <marc:datafield ind1="1" ind2="0" tag="245">
  <marc:subfield code="6">880-02</marc:subfield>
  <marc:subfield code="a">Kinot :</marc:subfield>
  <marc:subfield code="b">rite of Rome,</marc:subfield>
  <marc:subfield code="f">1000s?-1100s?</marc:subfield>
</marc:datafield>
    <marc:datafield ind1=" " ind2=" " tag="300">
  <marc:subfield code="a">1</marc:subfield>
  <marc:subfield code="f">leaf +</marc:subfield>
  <marc:subfield code="e">1 fragment :</marc:subfield>
  <marc:subfield code="b">parchment</marc:subfield>
</marc:datafield>
    <marc:datafield ind1=" " ind2=" " tag="336">
  <marc:subfield code="a">text</marc:subfield>
  <marc:subfield code="b">txt</marc:subfield>
  <marc:subfield code="2">rdacontent</marc:subfield>
</marc:datafield>
    <marc:datafield ind1=" " ind2=" " tag="337">
  <marc:subfield code="a">unmediated</marc:subfield>
  <marc:subfield code="b">n</marc:subfield>
  <marc:subfield code="2">rdamedia</marc:subfield>
</marc:datafield>
    <marc:datafield ind1=" " ind2=" " tag="338">
  <marc:subfield code="a">unspecified</marc:subfield>
  <marc:subfield code="b">zu</marc:subfield>
  <marc:subfield code="2">rdacarrier</marc:subfield>
</marc:datafield>
    <marc:datafield ind1=" " ind2=" " tag="524">
  <marc:subfield code="a">UPenn CAJS: RAR MS 82.313.42.</marc:subfield>
</marc:datafield>
    <marc:datafield ind1=" " ind2=" " tag="546">
  <marc:subfield code="a">In Hebrew.</marc:subfield>
</marc:datafield>
    <marc:datafield ind1="1" ind2=" " tag="561">
  <marc:subfield code="a">Formerly held in the Cairo Genizah Collection (Dropsie College).</marc:subfield>
</marc:datafield>
    <marc:datafield ind1="1" ind2=" " tag="561">
  <marc:subfield code="a">Transferred to the Cairo Genizah Collection (Library at the Herbert D. Katz Center for Advanced Judaic Studies, University of Pennsylvania).</marc:subfield>
</marc:datafield>
    <marc:datafield ind1="0" ind2="0" tag="630">
  <marc:subfield code="6">880-03</marc:subfield>
  <marc:subfield code="a">Kinot</marc:subfield>
  <marc:subfield code="x">Liturgical use</marc:subfield>
  <marc:subfield code="z">Rome.</marc:subfield>
</marc:datafield>
    <marc:datafield ind1=" " ind2="0" tag="650">
  <marc:subfield code="a">Ninth of Av</marc:subfield>
  <marc:subfield code="x">Liturgy</marc:subfield>
  <marc:subfield code="v">Texts</marc:subfield>
  <marc:subfield code="x">Manuscripts.</marc:subfield>
</marc:datafield>
    <marc:datafield ind1=" " ind2="7" tag="650">
  <marc:subfield code="a">Manuscript fragments.</marc:subfield>
  <marc:subfield code="2">fast</marc:subfield>
  <marc:subfield code="0">http://id.worldcat.org/fast/1938802</marc:subfield>
</marc:datafield>
    <marc:datafield ind1=" " ind2="7" tag="650">
  <marc:subfield code="a">Ninth of Av</marc:subfield>
  <marc:subfield code="x">Liturgy.</marc:subfield>
  <marc:subfield code="2">fast</marc:subfield>
  <marc:subfield code="0">http://id.worldcat.org/fast/1037857</marc:subfield>
</marc:datafield>
    <marc:datafield ind1=" " ind2="7" tag="650">
  <marc:subfield code="a">Manuscripts.</marc:subfield>
  <marc:subfield code="2">fast</marc:subfield>
  <marc:subfield code="0">http://id.worldcat.org/fast/1008230</marc:subfield>
</marc:datafield>
    <marc:datafield ind1=" " ind2="0" tag="650">
  <marc:subfield code="a">Manuscript fragments</marc:subfield>
  <marc:subfield code="v">Specimens.</marc:subfield>
</marc:datafield>
    <marc:datafield ind1=" " ind2="7" tag="655">
  <marc:subfield code="a">Acrostics (Poetry)</marc:subfield>
  <marc:subfield code="2">lcgft</marc:subfield>
  <marc:subfield code="0">http://id.loc.gov/authorities/genreForms/gf2014026214</marc:subfield>
</marc:datafield>
    <marc:datafield ind1=" " ind2="7" tag="655">
  <marc:subfield code="a">Specimens.</marc:subfield>
  <marc:subfield code="2">fast</marc:subfield>
  <marc:subfield code="0">http://id.worldcat.org/fast/1423861</marc:subfield>
</marc:datafield>
    <marc:datafield ind1=" " ind2="7" tag="655">
  <marc:subfield code="a">Texts.</marc:subfield>
  <marc:subfield code="2">fast</marc:subfield>
  <marc:subfield code="0">http://id.worldcat.org/fast/1423705</marc:subfield>
</marc:datafield>
    <marc:datafield ind1=" " ind2="7" tag="655">
  <marc:subfield code="a">Acrostics (Poetry)</marc:subfield>
  <marc:subfield code="2">fast</marc:subfield>
  <marc:subfield code="0">http://id.worldcat.org/fast/1921571</marc:subfield>
</marc:datafield>
    <marc:datafield ind1=" " ind2="7" tag="655">
  <marc:subfield code="a">Fragments (object portions)</marc:subfield>
  <marc:subfield code="2">aat</marc:subfield>
  <marc:subfield code="0">http://vocab.getty.edu/aat/300117130</marc:subfield>
</marc:datafield>
    <marc:datafield ind1=" " ind2="7" tag="655">
  <marc:subfield code="a">Dirges.</marc:subfield>
  <marc:subfield code="2">aat</marc:subfield>
  <marc:subfield code="0">http://vocab.getty.edu/aat/300262814</marc:subfield>
</marc:datafield>
    <marc:datafield ind1=" " ind2="0" tag="655">
  <marc:subfield code="a">Manuscripts, European.</marc:subfield>
</marc:datafield>
    <marc:datafield ind1=" " ind2="7" tag="655">
  <marc:subfield code="a">Manuscripts, Hebrew</marc:subfield>
  <marc:subfield code="y">11th century.</marc:subfield>
  <marc:subfield code="2">local</marc:subfield>
</marc:datafield>
    <marc:datafield ind1=" " ind2="7" tag="655">
  <marc:subfield code="a">Manuscripts, Hebrew</marc:subfield>
  <marc:subfield code="y">12th century.</marc:subfield>
  <marc:subfield code="2">local</marc:subfield>
</marc:datafield>
    <marc:datafield ind1=" " ind2="0" tag="655">
  <marc:subfield code="a">Manuscripts, Medieval.</marc:subfield>
</marc:datafield>
    <marc:datafield ind1="2" ind2=" " tag="710">
  <marc:subfield code="a">Cairo Genizah Collection (University of Pennsylvania. Center for Advanced Judaic Studies. Library).</marc:subfield>
  <marc:subfield code="k">Manuscript.</marc:subfield>
  <marc:subfield code="n">CAJS: RAR MS 82.313.42.</marc:subfield>
</marc:datafield>
    <marc:datafield ind1="0" ind2="2" tag="740">
  <marc:subfield code="6">880-04</marc:subfield>
  <marc:subfield code="a">Le-mi amarta mi-kol bene av.</marc:subfield>
</marc:datafield>
    <marc:datafield ind1="0" ind2="2" tag="740">
  <marc:subfield code="6">880-06</marc:subfield>
  <marc:subfield code="a">Ekhah yashvah H&#x323;avatselet ha-Sharon.</marc:subfield>
</marc:datafield>
    <marc:datafield ind1="0" ind2="2" tag="740">
  <marc:subfield code="6">880-05</marc:subfield>
  <marc:subfield code="a">Mah &#x2BB;as&#x301;u avotekhem.</marc:subfield>
</marc:datafield>
    <marc:datafield ind1="0" ind2="2" tag="740">
  <marc:subfield code="6">880-07</marc:subfield>
  <marc:subfield code="a">Oy ki osarti bi-zik&#x323;im.</marc:subfield>
</marc:datafield>
    <marc:datafield ind1="0" ind2=" " tag="773">
  <marc:subfield code="t">Cairo Genizah Collection.</marc:subfield>
</marc:datafield>
    <marc:datafield ind1=" " ind2=" " tag="852">
  <marc:subfield code="b">Library at the Herbert D. Katz Center for Advanced Judaic Studies</marc:subfield>
  <marc:subfield code="a">University of Pennsylvania</marc:subfield>
  <marc:subfield code="e">420 Walnut Street, Philadelphia, Pennsylvania 19106-3703.</marc:subfield>
  <marc:subfield code="j">CAJS: RAR MS 82.313.42</marc:subfield>
</marc:datafield>
    <marc:datafield ind1="4" ind2="1" tag="856">
  <marc:subfield code="z">Digital facsimile for browsing (Colenda)</marc:subfield>
  <marc:subfield code="u">https://colenda.library.upenn.edu/catalog/81431-p30g3hg9s</marc:subfield>
</marc:datafield>
    <marc:datafield ind1="0" ind2="0" tag="880">
  <marc:subfield code="6">630-03//r</marc:subfield>
  <marc:subfield code="a">&#x5E7;&#x5D9;&#x5E0;&#x5D5;&#x5EA;.</marc:subfield>
  <marc:subfield code="z">&#x5E8;&#x5D5;&#x5DE;&#x5D4;.</marc:subfield>
</marc:datafield>
    <marc:datafield ind1="0" ind2="2" tag="880">
  <marc:subfield code="6">740-06//r</marc:subfield>
  <marc:subfield code="a">&#x5D0;&#x5D9;&#x5DB;&#x5D4; &#x5D9;&#x5E9;&#x5D1;&#x5D4; &#x5D7;&#x5D1;&#x5E6;&#x5DC;&#x5EA; &#x5D4;&#x5E9;&#x5E8;&#x5D5;&#x5DF;.</marc:subfield>
</marc:datafield>
    <marc:datafield ind1="0" ind2="2" tag="880">
  <marc:subfield code="6">740-04//r</marc:subfield>
  <marc:subfield code="a">&#x5DC;&#x5DE;&#x5D9; &#x5D0;&#x5DE;&#x5E8;&#x5EA; &#x5DE;&#x5DB;&#x5DC; &#x5D1;&#x5E0;&#x5D9; &#x5D0;&#x5D1;.</marc:subfield>
</marc:datafield>
    <marc:datafield ind1="0" ind2="2" tag="880">
  <marc:subfield code="6">740-07//r</marc:subfield>
  <marc:subfield code="a">&#x5D0;&#x5D5;&#x5D9; &#x5DB;&#x5D9; &#x5D0;&#x5D5;&#x5E1;&#x5E8;&#x5EA;&#x5D9; &#x5D1;&#x5D6;&#x5D9;&#x5E7;&#x5D9;&#x5DD;.</marc:subfield>
</marc:datafield>
    <marc:datafield ind1="0" ind2="2" tag="880">
  <marc:subfield code="6">740-05//r</marc:subfield>
  <marc:subfield code="a">&#x5DE;&#x5D4; &#x5E2;&#x5E9;&#x5D5; &#x5D0;&#x5D1;&#x5D5;&#x5EA;&#x5D9;&#x5DB;&#x5DD;.</marc:subfield>
</marc:datafield>
    <marc:datafield ind1=" " ind2=" " tag="880">
  <marc:subfield code="6">520-00//r</marc:subfield>
  <marc:subfield code="a">Fragment of a Kinot manuscript (dirges following the reading of Lamentations on the Ninth of Av), written likely in Rome (certainly in Italy) during the 12th or 13th centuries. Many of the Kinot are attributed to Eleazar Kallir; beginning with the final stanzas of &#x5DC;&#x5DE;&#x5D9; &#x5D0;&#x5DE;&#x5E8;&#x5EA; &#x5DE;&#x5DB;&#x5DC; &#x5D1;&#x5E0;&#x5D9; &#x5D0;&#x5D1; (recto text begins with &#x5DE;&#x5D7;&#x5D5;&#x5DE;&#x5E9;&#x5D5;&#x5EA; &#x5E0;&#x5E9;&#x5D9;&#x5DB;&#x5D5;&#x5EA;) and finishes on the verso, which begins the Kinah &#x5DE;&#x5D4; &#x5E2;&#x5E9;&#x5D5; &#x5D0;&#x5D1;&#x5D5;&#x5EA;&#x5D9;&#x5DB;&#x5DD; (following the order of the Roman rite). An additional small fragment of an adjoining folio contains text from the Kinot &#x5D0;&#x5D9;&#x5DB;&#x5D4; &#x5D9;&#x5E9;&#x5D1;&#x5D4; &#x5D7;&#x5D1;&#x5E6;&#x5DC;&#x5EA; &#x5D4;&#x5E9;&#x5E8;&#x5D5;&#x5DF; and &#x5D0;&#x5D5;&#x5D9; &#x5DB;&#x5D9; &#x5D0;&#x5D5;&#x5E1;&#x5E8;&#x5EA;&#x5D9; &#x5D1;&#x5D6;&#x5D9;&#x5E7;&#x5D9;&#x5DD; (both attributed to Kallir; fragment recto) and additional Kinot fragmentary text (fragment verso). Written in 21 lines, blind-ruled; sentence punctuations (colons, periods) between stanzas; punch holes at inner margin; written in a early medieval Italian square script.</marc:subfield>
</marc:datafield>
    <marc:datafield ind1="1" ind2="0" tag="880">
  <marc:subfield code="6">245-02//r</marc:subfield>
  <marc:subfield code="a">&#x5E7;&#x5D9;&#x5E0;&#x5D5;&#x5EA; :</marc:subfield>
  <marc:subfield code="b">&#x5DE;&#x5E0;&#x5D4;&#x5D2; &#x5E8;&#x5D5;&#x5DE;&#x5D4;,</marc:subfield>
  <marc:subfield code="f">1000?-1100?.</marc:subfield>
</marc:datafield>
    <marc:datafield ind1="0" ind2=" " tag="880">
  <marc:subfield code="6">130-01//r</marc:subfield>
  <marc:subfield code="a">&#x5E7;&#x5D9;&#x5E0;&#x5D5;&#x5EA;.</marc:subfield>
  <marc:subfield code="0">http://id.loc.gov/authorities/names/n79107990</marc:subfield>
</marc:datafield>
    <marc:datafield ind1=" " ind2=" " tag="902">
  <marc:subfield code="a">MARCIVE 2022</marc:subfield>
</marc:datafield>
    <marc:datafield ind1=" " ind2=" " tag="948">
  <marc:subfield code="h">HELD BY PAU - 0 OTHER HOLDINGS</marc:subfield>
</marc:datafield>
    <marc:datafield ind1=" " ind2=" " tag="994">
  <marc:subfield code="a">Z0</marc:subfield>
  <marc:subfield code="b">PAU</marc:subfield>
</marc:datafield>
    <marc:holdings>
      <marc:holding>
        <marc:holding_id>22695290400003681</marc:holding_id>
        <marc:call_number>CAJS: RAR MS 82.313.42</marc:call_number>
        <marc:library>KatzLib</marc:library>
        <marc:location>cjsrarms</marc:location>
      </marc:holding>
    </marc:holdings>
  </marc:record>
</marc:records>
